@misc{huang2024musicstyletransferdiffusion,
      title={Music Style Transfer With Diffusion Model}, 
      author={Hong Huang and Yuyi Wang and Luyao Li and Jun Lin},
      year={2024},
      eprint={2404.14771},
      archivePrefix={arXiv},
      primaryClass={cs.SD},
      url={https://arxiv.org/abs/2404.14771}, 
}

@misc{chen2020wavegradestimatinggradientswaveform,
      title={WaveGrad: Estimating Gradients for Waveform Generation}, 
      author={Nanxin Chen and Yu Zhang and Heiga Zen and Ron J. Weiss and Mohammad Norouzi and William Chan},
      year={2020},
      eprint={2009.00713},
      archivePrefix={arXiv},
      primaryClass={eess.AS},
      url={https://arxiv.org/abs/2009.00713}, 
}

@misc{kong2021diffwaveversatilediffusionmodel,
      title={DiffWave: A Versatile Diffusion Model for Audio Synthesis}, 
      author={Zhifeng Kong and Wei Ping and Jiaji Huang and Kexin Zhao and Bryan Catanzaro},
      year={2021},
      eprint={2009.09761},
      archivePrefix={arXiv},
      primaryClass={eess.AS},
      url={https://arxiv.org/abs/2009.09761}, 
}

@misc{donahue2019adversarialaudiosynthesis,
      title={Adversarial Audio Synthesis}, 
      author={Chris Donahue and Julian McAuley and Miller Puckette},
      year={2019},
      eprint={1802.04208},
      archivePrefix={arXiv},
      primaryClass={cs.SD},
      url={https://arxiv.org/abs/1802.04208}, 
}

@misc{brunner2018symbolicmusicgenretransfer,
      title={Symbolic Music Genre Transfer with CycleGAN}, 
      author={Gino Brunner and Yuyi Wang and Roger Wattenhofer and Sumu Zhao},
      year={2018},
      eprint={1809.07575},
      archivePrefix={arXiv},
      primaryClass={cs.SD},
      url={https://arxiv.org/abs/1809.07575}, 
}

@misc{song2021scorebasedgenerativemodelingstochastic,
      title={Score-Based Generative Modeling through Stochastic Differential Equations}, 
      author={Yang Song and Jascha Sohl-Dickstein and Diederik P. Kingma and Abhishek Kumar and Stefano Ermon and Ben Poole},
      year={2021},
      eprint={2011.13456},
      archivePrefix={arXiv},
      primaryClass={cs.LG},
      url={https://arxiv.org/abs/2011.13456}, 
}

@misc{forsgren2022riffusion,
  author       = {Forsgren, S. and Martiros, H.},
  title        = {Riffusion - Stable diffusion for real-time music generation},
  year         = {2022},
  howpublished = {\url{https://riffusion.com/about}},
  note         = {Accessed: 2024-12-31}
}

@misc{gal2022imageworthwordpersonalizing,
      title={An Image is Worth One Word: Personalizing Text-to-Image Generation using Textual Inversion}, 
      author={Rinon Gal and Yuval Alaluf and Yuval Atzmon and Or Patashnik and Amit H. Bermano and Gal Chechik and Daniel Cohen-Or},
      year={2022},
      eprint={2208.01618},
      archivePrefix={arXiv},
      primaryClass={cs.CV},
      url={https://arxiv.org/abs/2208.01618}, 
}
@inproceedings{Cifka_2021,
   title={Self-Supervised VQ-VAE for One-Shot Music Style Transfer},
   url={http://dx.doi.org/10.1109/ICASSP39728.2021.9414235},
   DOI={10.1109/icassp39728.2021.9414235},
   booktitle={ICASSP 2021 - 2021 IEEE International Conference on Acoustics, Speech and Signal Processing (ICASSP)},
   publisher={IEEE},
   author={Cifka, Ondrej and Ozerov, Alexey and Simsekli, Umut and Richard, Gael},
   year={2021},
   month=jun }

@misc{copet2024simplecontrollablemusicgeneration,
      title={Simple and Controllable Music Generation}, 
      author={Jade Copet and Felix Kreuk and Itai Gat and Tal Remez and David Kant and Gabriel Synnaeve and Yossi Adi and Alexandre DÃ©fossez},
      year={2024},
      eprint={2306.05284},
      archivePrefix={arXiv},
      primaryClass={cs.SD},
      url={https://arxiv.org/abs/2306.05284}, 
}

@article{jing2019neural,
  title={Neural style transfer: A review},
  author={Jing, Yongcheng and Yang, Yezhou and Feng, Zunlei and Ye, Jingwen and Yu, Yizhou and Song, Mingli},
  journal={IEEE transactions on visualization and computer graphics},
  volume={26},
  number={11},
  pages={3365--3385},
  year={2019},
  publisher={IEEE}
}

@article{yang2023diffusion,
  title={Diffusion models: A comprehensive survey of methods and applications},
  author={Yang, Ling and Zhang, Zhilong and Song, Yang and Hong, Shenda and Xu, Runsheng and Zhao, Yue and Zhang, Wentao and Cui, Bin and Yang, Ming-Hsuan},
  journal={ACM Computing Surveys},
  volume={56},
  number={4},
  pages={1--39},
  year={2023},
  publisher={ACM New York, NY, USA}
}

@article{goodfellow2020generative,
  title={Generative adversarial networks},
  author={Goodfellow, Ian and Pouget-Abadie, Jean and Mirza, Mehdi and Xu, Bing and Warde-Farley, David and Ozair, Sherjil and Courville, Aaron and Bengio, Yoshua},
  journal={Communications of the ACM},
  volume={63},
  number={11},
  pages={139--144},
  year={2020},
  publisher={ACM New York, NY, USA}
}

@article{kingma2019introduction,
  title={An introduction to variational autoencoders},
  author={Kingma, Diederik P and Welling, Max and others},
  journal={Foundations and Trends{\textregistered} in Machine Learning},
  volume={12},
  number={4},
  pages={307--392},
  year={2019},
  publisher={Now Publishers, Inc.}
}

@inproceedings{radford2021learning,
  title={Learning transferable visual models from natural language supervision},
  author={Radford, Alec and Kim, Jong Wook and Hallacy, Chris and Ramesh, Aditya and Goh, Gabriel and Agarwal, Sandhini and Sastry, Girish and Askell, Amanda and Mishkin, Pamela and Clark, Jack and others},
  booktitle={International conference on machine learning},
  pages={8748--8763},
  year={2021},
  organization={PMLR}
}